


@article{liu2023generative,
  author  = {Liu, Wei and Zhang, Hui and Chen, Xiaoming},
  title   = {Generative AI in Speech Therapy: A Comprehensive Review},
  journal = {IEEE Transactions on Neural Systems and Rehabilitation Engineering},
  volume  = {31},
  pages   = {1500--1513},
  year    = {2023},
  doi     = {10.1109/TNSRE.2023.3245678}
}

@inproceedings{kim2024responsive,
  author    = {Soojin Kim and Javier Torres},
  title     = {Responsive Web Applications for Special Needs: A Case Study in Speech Development},
  booktitle = {Proceedings of the 16th International Conference on Web Engineering},
  year      = {2024},
  pages     = {215--228}
}

@article{martinez2022assistive,
  author  = {Mart√≠nez, Laura and Ruiz, Carlos},
  title   = {Assistive Technologies and AI for Children with Developmental Disorders},
  journal = {Journal of Assistive Technologies},
  volume  = {14},
  number  = {3},
  pages   = {134--149},
  year    = {2022},
  publisher = {SAGE Publications}
}

@misc{openai2024api,
  author       = {{OpenAI}},
  title        = {OpenAI API Overview},
  howpublished = {\url{https://platform.openai.com/docs/api-reference}},
  year         = {2024},
  note         = {Consultado el 20 de julio de 2025}
}

@misc{googletts2025,
  author       = {{Google Cloud}},
  title        = {Google Cloud Text-to-Speech API Documentation},
  howpublished = {\url{https://cloud.google.com/text-to-speech/docs}},
  year         = {2025},
  note         = {Consultado el 20 de julio de 2025}
}
